@ARTICLE{2017PASP..129k4502B,
       author = {{Bernstein}, G.~M. and {Abbott}, T.~M.~C. and {Desai}, S. and {Gruen}, D. and {Gruendl}, R.~A. and {Johnson}, M.~D. and {Lin}, H. and {Menanteau}, F. and {Morganson}, E. and {Neilsen}, E. and {Paech}, K. and {Walker}, A.~R. and {Wester}, W. and {Yanny}, B. and {DES Collaboration}},
        title = "{Instrumental response model and detrending for the Dark Energy Camera}",
      journal = {\pasp},
     keywords = {Astrophysics - Instrumentation and Methods for Astrophysics},
         year = 2017,
        month = nov,
       volume = {129},
       number = {981},
        pages = {114502},
          doi = {10.1088/1538-3873/aa858e},
archivePrefix = {arXiv},
       eprint = {1706.09928},
 primaryClass = {astro-ph.IM},
       adsurl = {https://ui.adsabs.harvard.edu/abs/2017PASP..129k4502B},
      adsnote = {Provided by the SAO/NASA Astrophysics Data System}
}

